<?xml version="1.0" encoding="UTF-8"?><record xmlns="http://www.loc.gov/MARC21/slim" xmlns:cinclude="http://apache.org/cocoon/include/1.0" xmlns:zs="http://www.loc.gov/zing/srw/">
  <leader>00434nz  a2200145n  4500</leader>
  <controlfield tag="001">no 97070491 </controlfield>
  <controlfield tag="003">DLC</controlfield>
  <controlfield tag="005">19971206054211.3</controlfield>
  <controlfield tag="008">971205n| acannaab|          |n aaa     c</controlfield>
  <datafield tag="010" ind1=" " ind2=" ">
    <subfield code="a">no 97070491 </subfield>
  </datafield>
  <datafield tag="035" ind1=" " ind2=" ">
    <subfield code="a">(OCoLC)oca04546757 </subfield>
  </datafield>
  <datafield tag="040" ind1=" " ind2=" ">
    <subfield code="a">WaU</subfield>
    <subfield code="c">WaU</subfield>
  </datafield>
  <datafield tag="100" ind1="1" ind2="0">
    <subfield code="a">Casey, T. Timothy</subfield>
  </datafield>
  <datafield tag="670" ind1=" " ind2=" ">
    <subfield code="a">The Chief Seattle speech, 1996:</subfield>
    <subfield code="b">t.p. (T. Timothy Casey)</subfield>
  </datafield>
  <datafield tag="670" ind1=" " ind2=" ">
    <subfield code="a">OCLC, Nov. 19, 1997</subfield>
    <subfield code="b">(hdg.: Casey, T. Timothy; usage: T. Timothy Casey)</subfield>
  </datafield>
</record>